@online{lin,
  author = "К. В. Воронцов",
  title = "Линейные ансамбли",
  url = "http://www.machinelearning.ru/wiki/images/3/3a/Voron-ML-Compositions1-slides.pdf",
  addendum = "(Дата обращения: 15.12.2022)"
}

@online{adv,
  author = "К. В. Воронцов",
  title = "Продвинутые методы ансамблирования",
  url ="http://www.machinelearning.ru/wiki/images/2/21/Voron-ML-Compositions-slides2.pdf",
  addendum = "(Дата обращения: 15.12.2022)"
}